% This file was created with JabRef 2.10b2.
% Encoding: UTF-8


@String { ietf    = {The {I}nternet {E}ngineering {T}ask {F}orce ({IETF})} }
@String { W3C     = {W3C} }
@String { W3C-REC = {{W3C} {R}ecommendation} }

@InCollection{arndt-n-2011--,
  Title                    = {{T}riple{P}lace: {A} flexible triple store for {A}ndroid with six indices},
  Author                   = {Arndt, Natanael},
  Booktitle                = {SKIL 2011 - Studentenkonferenz Informatik Leipzig 2011},
  Publisher                = {LIV},
  Year                     = {2011},

  Address                  = {Leipzig},
  Editor                   = {Auer, Sören and Riechert, Thomas and Schmidt, Johannes},
  Pages                    = {1--7},
  Series                   = {Leipziger Beiträge zur Informatik},
  Volume                   = {27},

  Abstract                 = {This paper presents the idea, design and implementation of a triple store optimized to be used on mobile devices. The triple store implements an indexing structure similar to Hexastore utilizing the Tokyo Cabinet key-value store as persistent storage system. A simple and flexible API gives developers the chance to integrate TriplePlace in their applications to easily use semantic data on Android powered mobile devices. Finally TriplePlace is compared to Androjena in terms of main memory usage, extra storage needed in the final Android Package (APK) and speed.},
  Added-at                 = {2013-05-02T15:52:38.000+0200},
  Biburl                   = {http://www.bibsonomy.org/bibtex/2e8ad3bb0cd202fa12fdbc907bf070587/white_gecko},
  Interhash                = {7c86ddee7c6dd3874274503cc0074837},
  Intrahash                = {e8ad3bb0cd202fa12fdbc907bf070587},
  ISBN                     = {978-3-941608-14-6},
  Keywords                 = {myown},
  Timestamp                = {2013-05-02T15:52:38.000+0200},
  Url                      = {http://skil.informatik.uni-leipzig.de/blog/wp-content/uploads/proceedings/2011/Arndt2011.1.pdf}
}

@InProceedings{arndt-n-2010--,
  Title                    = {{E}ntwicklung eines mobilen {S}ocial {S}emantic {W}eb {C}lients},
  Author                   = {Natanael Arndt},
  Booktitle                = {INFORMATIK 2010: Service Science -- Neue Perspektiven für die Informatik},
  Year                     = {2010},
  Editor                   = {Fähnrich, Klaus-Peter and Franczyk, Bogdan},
  Month                    = sep,
  Organization             = {Gesellschaft für Informatik e.V.},
  Pages                    = {1004-1005},
  Series                   = {GI-Edition -- Lecture Notes in Informatics},
  Volume                   = {2},

  Owner                    = {natanael},
  Timestamp                = {2010.10.04}
}

@MastersThesis{arndt-n-2010--b,
  Title                    = {{E}ntwicklung eines mobilen {S}ocial {S}emantic {W}eb {C}lients},
  Author                   = {Natanael Arndt},
  School                   = {Universität Leipzig, Fakultät für Mathematik und Informatik, Institut für Informatik},
  Year                     = {2010},
  Month                    = oct,
  Type                     = {Bachelor's Thesis},

  Owner                    = {natanael},
  Timestamp                = {2013.03.29}
}

@Standard{activity-atom,
  Title                    = {{A}tom {A}ctivity {S}treams 1.0},
  Institution              = {DiSo Project},
  Organization             = {Activity Streams Working Group},
  Author                   = {M. Atkins and W. Norris and C. Messina and M. Wilkinson and R. Dolin},
  Month                    = feb,
  Note                     = {\url{http://activitystrea.ms/specs/atom/1.0/}},
  Url                      = {http://activitystrea.ms/specs/atom/1.0/},
  Year                     = {2011},

  Owner                    = {natanael},
  Timestamp                = {2013.05.10}
}

@InProceedings{auer-s-2006-736-a,
  Title                    = {Onto{W}iki - {A} {T}ool for {S}ocial, {S}emantic {C}ollaboration.},
  Author                   = {Auer, S{\"o}ren and Dietzold, Sebastian and Riechert, Thomas},
  Booktitle                = {The {S}emantic {W}eb - {ISWC} 2006, 5th {I}nternational {S}emantic {W}eb {C}onference, {ISWC} 2006, {A}thens, {GA}, {USA}, {N}ovember 5–9, 2006, {P}roceedings},
  Year                     = {2006},

  Address                  = {Berlin / Heidelberg},
  Editor                   = {Cruz, Isabel F. and Decker, Stefan and Allemang, Dean and Preist, Chris and Schwabe, Daniel and Mika, Peter and Uschold, Michael and Aroyo, Lora},
  Pages                    = {736–749},
  Publisher                = {Springer},
  Series                   = {Lecture Notes in Computer Science},
  Volume                   = {4273},

  Added-at                 = {2012-08-25T21:19:23.000+0200},
  Biburl                   = {http://www.bibsonomy.org/bibtex/2adebb2cc068861ce489c3248f1a38a62/aksw},
  Citeseerurl              = {http://dx.doi.org/10.1007/11926078_53},
  Doi                      = {10.1007/11926078_53},
  File                     = {auer-s-2006-736-a.pdf:auer-s-2006-736-a.pdf:PDF},
  Interhash                = {98b01f9f079df7b62709285742dccf3e},
  Intrahash                = {adebb2cc068861ce489c3248f1a38a62},
  ISBN                     = {3-540-49029-9},
  Keywords                 = {2006 auer event_iswc group_aksw ontowiki riechert seebiproject_OntoWiki sys:relevantFor:bis sys:relevantFor:infai tramp},
  Owner                    = {seebi},
  Timestamp                = {2012-08-25T21:19:23.000+0200}
}

@InProceedings{basca-c-2008---,
  Title                    = {Neologism: Easy Vocabulary Publishing},
  Author                   = {Basca, Cosmin and Corlosquet, Stéphane and Cyganiak, Richard and Fernández, Sergio and Schandl, Thomas},
  Booktitle                = {Worshop on Scripting for the Semantic Web 2008},
  Year                     = {2008},

  Added-at                 = {2009-07-06T15:20:35.000+0200},
  Biburl                   = {http://www.bibsonomy.org/bibtex/292073ca7c205efebd506018091283de6/soeren},
  Description              = {Worshop on Scripting for the Semantic Web 2008},
  Interhash                = {b97008622bf32d4a84a4dfe40cba50c2},
  Intrahash                = {92073ca7c205efebd506018091283de6},
  Keywords                 = {SFSW08},
  Timestamp                = {2009-07-06T15:20:35.000+0200},
  Url                      = {http://CEUR-WS.org/Vol-368/paper10.pdf}
}

@TechReport{bernerslee-t-2009--,
  Title                    = {Linked {D}ata},
  Author                   = {Berners-Lee, Tim},
  Institution              = {W3C},
  Year                     = {2009},
  Month                    = jun,
  Note                     = {\url{http://www.w3.org/DesignIssues/LinkedData.html}},
  Type                     = {Design Issues},

  Keywords                 = {RDF Linked Data},
  Timestamp                = {2012.08.26},
  Url                      = {http://www.w3.org/DesignIssues/LinkedData.html}
}

@Article{bernerslee-t-1992--www,
  Title                    = {{W}orld-{W}ide {W}eb: {T}he {I}nformation {U}niverse},
  Author                   = {Berners-Lee, Tim and Cailliau, Robert and Groff, Jean-François and Pollermann, Bernd},
  Journal                  = {Electronic Networking: Research, Applications and Policy},
  Year                     = {1992},
  Number                   = {1},
  Pages                    = {52-58},
  Volume                   = {2},

  Biburl                   = {http://www.bibsonomy.org/bibtex/20865aff6238cc605836684e9a45de326/dblp},
  Owner                    = {natanael},
  Timestamp                = {2010.06.23},
  Url                      = {http://dblp.uni-trier.de/db/journals/en/en1.html#Berners-LeeCGP92}
}

@TechReport{bernerslee-t-2005--a,
  Title                    = {Uniform {R}esource {I}dentifier ({URI}): {G}eneric {S}yntax},
  Author                   = {Tim Berners-Lee and R. Fielding and L. Masinter},
  Institution              = IETF,
  Year                     = {2005},
  Month                    = jan,
  Note                     = {\url{http://tools.ietf.org/html/rfc3986}},
  Number                   = {3986},
  Type                     = {RFC},

  Abstract                 = {A {U}niform {R}esource {I}dentifier ({URI}) is a compact sequence of characters that identifies an abstract or physical resource. {T}his specification defines the generic {URI} syntax and a process for resolving {URI} references that might be in relative form, along with guidelines and security considerations for the use of {URI}s on the {I}nternet. {T}he {URI} syntax defines a grammar that is a superset of all valid {URI}s, allowing an implementation to parse the common components of a {URI} reference without knowing the scheme-specific requirements of every possible identifier. {T}his specification does not define a generative grammar for {URI}s; that task is performed by the individual specifications of each {URI} scheme.},
  Groupsearch              = {0},
  Organization             = IETF,
  Owner                    = {seebi},
  Timestamp                = {2010.10.17},
  Url                      = {http://tools.ietf.org/html/rfc3986}
}

@Misc{berrueta-d-2008---,
  Title                    = {Best Practice Recipes for Publishing RDF Vocabularies},

  Author                   = {Berrueta, Diego and Phipps, Jon},
  HowPublished             = {World Wide Web Consortium, Note NOTE-swbp-vocab-pub-20080828},
  Month                    = {August},
  Year                     = {2008},

  Abstract                 = {This document describes best practice recipes for publishing vocabularies or ontologies on the Web (in RDF Schema or OWL). The features of each recipe are described in detail, so that vocabulary designers may choose the recipe best suited to their needs. Each recipe introduces general principles and an example configuration for use with an Apache HTTP server (which may be adapted to other environments). The recipes are all designed to be consistent with the architecture of the Web as currently specified, although the associated example configurations have been kept intentionally simple.},
  Added-at                 = {2010-02-25T16:02:51.000+0100},
  Biburl                   = {http://www.bibsonomy.org/bibtex/2307ca06cc3e1cdf5017213c9b4aea80f/alexjdl},
  Keywords                 = {LinkedData vocabularies},
  Timestamp                = {2010-02-25T16:02:51.000+0100},
  Topic                    = {rdfs[0.8] owl[0.8]},
  Uri                      = {http://www.w3.org/TR/2008/NOTE-swbp-vocab-pub-20080828},
  Url                      = {http://www.w3.org/TR/2008/NOTE-swbp-vocab-pub-200808}
}

@TechReport{bray-t-1999--,
  Title                    = {Namespaces in XML},
  Author                   = {Tim Bray and Dave Hollander and Andrew Layman},
  Institution              = {World Wide Web Consortium},
  Year                     = {1999},
  Month                    = {January},
  Type                     = {W3C Recommendation},

  Owner                    = {natanael},
  Timestamp                = {2013.09.09},
  Url                      = {http://www.w3.org/TR/1999/REC-xml-names-19990114}
}

@InProceedings{breslin-j-2005--,
  Title                    = {{T}owards {S}emantically-{I}nterlinked {O}nline {C}ommunities},
  Author                   = {John G. Breslin and Andreas Harth and Uldis Bojars and Stefan Decker},
  Booktitle                = {European Semantic Web Conference (ESWC)},
  Year                     = {2005},
  Editor                   = {Gomez-Perez, A. and Euzenat, J.},
  Pages                    = {500-514},
  Publisher                = {Springer},
  Series                   = {Lecture Notes on Computer Science},
  Volume                   = {3532},

  Abstract                 = {Online community sites have replaced the traditional means of keeping a community informed via libraries and publishing. At present, online communities are islands that are not interlinked. We describe different types of online communities and tools that are currently used to build and support such communities. Ontologies and Semantic Web technologies offer an upgrade path to providing more complex services. Fusing information and inferring links between the various applications and types of information provides relevant insights that make the available information on the Internet more valuable. We present the SIOC ontology which combines terms from vocabularies that already exist with new terms needed to describe the relationships between concepts in the realm of online community sites.},
  Added-at                 = {2013-02-14T17:06:03.000+0100},
  Biburl                   = {http://www.bibsonomy.org/bibtex/209c4eac0b14c74f2ca57a117254bc2f1/jimbob},
  Citeseerurl              = {http://www.springerlink.com/content/ycw4ta75qjngnat8/},
  Interhash                = {d46c4fc4983020b373cb89a0a8bb8503},
  Intrahash                = {09c4eac0b14c74f2ca57a117254bc2f1},
  Keywords                 = {semantic sioc web},
  Timestamp                = {2013-02-14T17:06:03.000+0100}
}

@TechReport{FOAF,
  Title                    = {F{OAF} {V}ocabulary {S}pecification},
  Author                   = {Dan Brickley and Libby Miller},
  Institution              = {FOAF Project},
  Year                     = {2004},
  Note                     = {\url{http://xmlns.com/foaf/0.1/}},
  Number                   = {2 Sept 2004},
  Type                     = {Namespace Document},

  Keywords                 = {RDF RDFS Schema Spec FOAF},
  Timestamp                = {2010.06.23},
  Url                      = {http://xmlns.com/foaf/0.1/}
}

@TechReport{RDF-VOC,
  Title                    = {{RDF} {V}ocabulary {D}escription {L}anguage 1.0: {RDF} {S}chema},
  Author                   = {Dan Brickley, R.V. Guha},
  Institution              = {W3C},
  Year                     = {20014},
  Month                    = feb,

  Abstract                 = {The Resource Description Framework (RDF) is a general-purpose language for representing information in the Web. This specification describes how to use RDF to describe RDF vocabularies. This specification defines a vocabulary for this purpose and defines other built-in RDF vocabulary initially specified in the RDF Model and Syntax Specification.},
  Owner                    = {natanael},
  Timestamp                = {2013.11.02},
  Url                      = {http://www.w3.org/TR/rdf-schema/}
}

@InProceedings{dietzold-s-2008-19-a,
  Title                    = {x{O}perator – {I}nterconnecting the {S}emantic {W}eb and {I}nstant {M}essaging {N}etworks},
  Author                   = {Dietzold, Sebastian and Unbehauen, J{\"o}rg and Auer, S{\"o}ren},
  Booktitle                = {Proceedings of 5th European Semantic Web Conference (ESWC 2008), 1-5 June, 2008, Tenerife, Spain.},
  Year                     = {2008},

  Address                  = {Sebastopol, CA, USA},
  Pages                    = {19–33},

  Abstract                 = {Instant Messaging (IM) is in addition to Web and Email the most popular service on the Internet. With xOperator we present a strategy and implementation which deeply integrates Instant Messaging networks with the Semantic Web. The xOperator concept is based on the idea of creating an overlay network of collaborative information agents on top of social IM networks. It can be queried using a controlled and easily extensible language based on AIML templates. Such a deep integration of semantic technologies and Instant Messaging bears a number of advantages and benefits for users when compared to the separated use of Semantic Web technologies and IM, the most important ones being context awareness as well as provenance and trust. We showcase how the xOperator approach naturally facilitates contacts and calendar management as well as access to large scale heterogeneous information sources.},
  Added-at                 = {2013-04-28T08:59:43.000+0200},
  Bdsk-url-1               = {http://www.eswc2008.org/final-pdfs-for-web-site/aao-2.pdf},
  Biburl                   = {http://www.bibsonomy.org/bibtex/29f584391d490223bd9d765683a0ba9ad/aksw},
  Citeseerurl              = {http://link.springer.com/chapter/10.1007%2F978-3-540-68234-9_5},
  Doi                      = {10.1007/978-3-540-68234-9_5},
  File                     = {dietzold-s-2008-19-a.pdf:dietzold-s-2008-19-a.pdf:PDF},
  Interhash                = {170f8929b13305d8621da905ef0a887a},
  Intrahash                = {9f584391d490223bd9d765683a0ba9ad},
  Keywords                 = {2008 auer event_eswc group_aksw seebiproject_FederatedSocialWeb seebiproject_xOperator sys:relevantFor:bis sys:relevantFor:infai tramp unbehauen xoperator},
  Owner                    = {seebi},
  Timestamp                = {2013-04-28T08:59:43.000+0200},
  Url                      = {http://www.eswc2008.org/final-pdfs-for-web-site/aao-2.pdf}
}

@Book{dooley-k-2001--,
  Title                    = {Designing large-scale {LAN}s},
  Author                   = {Kevin Dooley},
  Editor                   = {Jim Sumser},
  Publisher                = {O'Reilly Media},
  Year                     = {2001},
  Month                    = nov,

  Owner                    = {natanael},
  Timestamp                = {2013.06.25}
}

@TechReport{http-rfc,
  Title                    = {{H}ypertext {T}ransfer {P}rotocol – {HTTP}/1.1},
  Author                   = {Fielding, R. and Gettys, J. and Mogul, J. and Frystyk, H. and Masinter, L. and Leach, P. and Berners-Lee, T.},
  Institution              = IETF,
  Year                     = {1999},
  Month                    = jun,
  Note                     = {\url{http://tools.ietf.org/html/rfc2616}},
  Number                   = {2616},
  Type                     = {RFC},

  Added-at                 = {2006-07-02T00:05:26.000+0200},
  Biburl                   = {http://www.bibsonomy.org/bibtex/2623e3c2409685a7fcece0273b8ebf981/jil},
  Interhash                = {ea213e32619512cfc4bdeb5d92daf5e4},
  Intrahash                = {623e3c2409685a7fcece0273b8ebf981},
  Keywords                 = {2616 http standard seminar2006 rfc},
  Timestamp                = {2006-07-02T00:05:26.000+0200},
  Url                      = {http://tools.ietf.org/html/rfc2616}
}

@InProceedings{graffi-k-2011--l,
  Title                    = {{L}ife{S}ocial.{KOM}: {A} {S}ecure and {P}2{P}-based {S}olution for {O}nline {S}ocial {N}etworks},
  Author                   = {Kalman Graffi and Christian Gro{\ss} and Dominik Stingl and Daniel Hartung and Aleksandra Kovacevic and Ralf Steinmetz},
  Booktitle                = {Proceedings of the IEEE Consumer Communications and Networking Conference},
  Year                     = {2011},
  Month                    = {Jan},

  Abstract                 = {The phenomenon of online social networks reaches millions of users in the Internet nowadays. In these, users present themselves, their interests and their social links which they use to interact with other users. We present in this paper LifeSocial.KOM, a p2p-based platform for secure online social networks which provides the functionality of common online social networks in a totally distributed and secure manner. It is plugin-based, thus extendible in its functionality, providing secure communication and access-controlled storage as well as monitored quality of service, addressing the needs of both, users and system providers. The platform operates solely on the resources of the users, eliminating the concentration of crucial operational costs for one provider. In a testbed evaluation, we show the feasibility of the approach and point out the potential of the p2p paradigm in the field of online social networks.}
}

@TechReport{hollander-d-1999--,
  Title                    = {Namespaces in {XML}},
  Author                   = {Hollander, D. and Bray, T. and A. Layman},
  Institution              = W3C,
  Year                     = {1999},
  Month                    = jan,
  Note                     = {\url{http://www.w3.org/TR/1999/REC-xml-names-19990114}},
  Type                     = W3C-REC,

  Owner                    = {natanael},
  Timestamp                = {2013.06.20},
  Url                      = {http://www.w3.org/TR/1999/REC-xml-names-19990114}
}

@TechReport{RDF,
  Title                    = {{R}esource {D}escription {F}ramework ({RDF}): {C}oncepts and {A}bstract {S}yntax},
  Author                   = {Graham Klyne and Jeremy J. Carroll},
  Institution              = W3C,
  Year                     = {2004},
  Month                    = feb,
  Note                     = {\url{http://www.w3.org/TR/2004/REC-rdf-concepts-20040210}},
  Type                     = W3C-REC,

  Keywords                 = {RDF},
  Owner                    = {natanael},
  Timestamp                = {2010.06.23},
  Url                      = {http://www.w3.org/TR/2004/REC-rdf-concepts-20040210}
}

@TechReport{langridge-s-2002--,
  Title                    = {Pingback 1.0},
  Author                   = {Stuart Langridge and Ian Hickson},
  Year                     = {2002},
  Note                     = {\url{http://hixie.ch/specs/pingback/pingback}},

  Owner                    = {natanael},
  Timestamp                = {2013.06.20},
  Url                      = {http://hixie.ch/specs/pingback/pingback}
}

@TechReport{lassila-o-1999--a,
  Title                    = {Resource {D}escription {F}ramework ({RDF}) {M}odel and {S}yntax {S}pecification},
  Author                   = {Ora Lassila and Ralph R. Swick},
  Institution              = W3C,
  Year                     = {1999},
  Month                    = {2},
  Note                     = {\url{http://www.w3.org/TR/1999/REC-rdf-syntax-19990222}},
  Type                     = W3C-REC,

  Day                      = {22},
  Keywords                 = {RDF Spec},
  Owner                    = {seebi},
  Timestamp                = {2010.10.02},
  Url                      = {http://www.w3.org/TR/1999/REC-rdf-syntax-19990222}
}

@Article{mikroyannidis-a-2007--,
  Title                    = {{T}oward a {S}ocial {S}emantic {W}eb},
  Author                   = {Alexander Mikroyannidis},
  Journal                  = {Computer},
  Year                     = {2007},
  Pages                    = {113-115},
  Volume                   = {40},

  Address                  = {Los Alamitos, CA, USA},
  Citeseerurl              = {http://doi.ieeecomputersociety.org/10.1109/MC.2007.405},
  Doi                      = {10.1109/MC.2007.405},
  ISSN                     = {0018-9162},
  Publisher                = {IEEE Computer Society}
}

@TechReport{minno-m-2010--,
  Title                    = {{A}tom {A}ctivity {S}treams {RDF} mapping},
  Author                   = {Michele Minno and Davide Palmisano},
  Institution              = {NoTube Project},
  Year                     = {2010},
  Month                    = mar,
  Note                     = {\url{http://xmlns.notu.be/aair/}},

  Owner                    = {natanael},
  Timestamp                = {2013.05.10},
  Url                      = {http://xmlns.notu.be/aair/}
}

@InBook{nagenborg-m-2009--,
  Title                    = {{P}rivacy im {S}ocial {S}emantic {W}eb},
  Author                   = {Nagenborg, M.},
  Chapter                  = {24},
  Editor                   = {Breslin, J.~G., Passant, A., \& Decker, S.},
  Pages                    = {485-506},
  Publisher                = {Springer},
  Year                     = {2009},

  Adsnote                  = {Provided by the SAO/NASA Astrophysics Data System},
  Adsurl                   = {http://adsabs.harvard.edu/abs/2009ssw..book..485N},
  Biburl                   = {http://www.bibsonomy.org/bibtex/20add71e0316393487f67f1feafd57f2d/suibhne},
  Booktitle                = {Social Semantic Web},
  Doi                      = {10.1007/978-3-540-72216-8_24},
  ISBN                     = {9783540722151}
}

@TechReport{atom-rfc,
  Title                    = {{T}he {A}tom {S}yndication {F}ormat},
  Author                   = {M. Nottingham and R. Sayre},
  Institution              = IETF,
  Year                     = {2005},
  Month                    = dec,
  Note                     = {\url{http://tools.ietf.org/html/rfc4287}},
  Number                   = {4287},
  Type                     = {RFC},

  Url                      = {http://tools.ietf.org/html/rfc4287}
}

@MastersThesis{radtke-n-2013--k,
  Title                    = {{K}onzept und {I}mplementierung aktivitätsbasierter {K}ommunikation für verteilte semantische {S}oziale {N}etzwerke},
  Author                   = {Norman Radtke},
  School                   = {Universität Leipzig, Fakultät für Mathematik und Informatik, Institut für Informatik},
  Year                     = {2013},
  Month                    = jan,
  Type                     = {Bachelor's Thesis},

  Owner                    = {natanael},
  Timestamp                = {2013.03.29}
}

@InProceedings{siorpaes-k-2007--,
  Title                    = {myOntology: The marriage of ontology engineering and collective intelligence},
  Author                   = {Katharina Siorpaes and Martin Hepp},
  Booktitle                = {IN: BRIDGING THE GEP BETWEEN SEMANTIC WEB AND WEB 2.0 (SEMNET},
  Year                     = {2007},
  Pages                    = {127--138}
}

@TechReport{smith-m-2004--,
  Title                    = {OWL Web Ontology Language Guide},
  Author                   = {Michael K. Smith and Chris Welty and Deborah L. McGuinness},
  Institution              = {World Wide Web Consortium},
  Year                     = {2004},
  Month                    = {February},
  Type                     = {W3C Recommendation},

  Owner                    = {natanael},
  Timestamp                = {2013.09.09},
  Url                      = {http://www.w3.org/TR/2004/REC-owl-guide-20040210/}
}

@Standard{activity-json,
  Title                    = {{JSON} {A}ctivity {S}treams 1.0},
  Institution              = {DiSo Project},
  Organization             = {Activity Streams Working Group},
  Author                   = {J. Snell and M. Atkins and W. Norris and C. Messina and M. Wilkinson and R. Dolin},
  Month                    = may,
  Note                     = {\url{http://activitystrea.ms/specs/json/1.0/}},
  Url                      = {http://activitystrea.ms/specs/json/1.0/},
  Year                     = {2011},

  Owner                    = {natanael},
  Timestamp                = {2013.05.10}
}

@Standard{activity-base-schema,
  Title                    = {{A}ctivity {B}ase {S}chema (Draft)},
  Institution              = {DiSo Project},
  Organization             = {Activity Streams Working Group},
  Author                   = {J. Snell and M. Atkins and D. Recordon and C. Messina and M. Keller and A. Steinberg and R. Dolin},
  Month                    = aug,
  Note                     = {\url{http://activitystrea.ms/specs/json/schema/activity-schema.html}},
  Url                      = {http://activitystrea.ms/specs/json/schema/activity-schema.html},
  Year                     = {2012},

  Owner                    = {natanael},
  Timestamp                = {2013.05.10}
}

@Book{sommerville-i-2011--,
  Title                    = {{S}oftware {E}ngineering},
  Author                   = {Sommerville, Ian},
  Publisher                = {Pearson Education},
  Year                     = {2011},

  Address                  = {Boston},
  Edition                  = {9},

  Biburl                   = {http://www.bibsonomy.org/bibtex/2853391dfed1142faf056c6247fd153ee/andiv},
  Interhash                = {7c307167b9277274142149a6f315e8c4},
  Intrahash                = {853391dfed1142faf056c6247fd153ee},
  Keywords                 = {Engineering Software Sommerville}
}

@Book{sommerville-i-2007--,
  Title                    = {{S}oftware {E}ngineering},
  Author                   = {Ian Sommerville},
  Publisher                = {Pearson Studium},
  Year                     = {2007},

  Address                  = {München},
  Edition                  = {8},

  Owner                    = {natanael},
  Timestamp                = {2010.04.28}
}

@TechReport{webid,
  Title                    = {{WebID 1.0 – Web Identification and Discovery}},
  Author                   = {Sporny, Manu and Inkster, Toby and Story, Henry and Harbulot, Bruno and Bachmann-Gmür, Reto},
  Institution              = W3C,
  Year                     = {2011},
  Month                    = feb,
  Note                     = {\url{http://www.w3.org/2005/Incubator/webid/spec/}, Latest editor's draft: \url{https://dvcs.w3.org/hg/WebID/raw-file/tip/spec/index-respec.html}},
  Type                     = {{W3C} {E}ditor's {D}raft},

  Added-at                 = {2011-08-19T12:45:25.000+0200},
  Editor                   = {Corlosquet, Stéphane},
  Keywords                 = {imported},
  LastChecked              = {31-05-2013},
  Owner                    = {zazi},
  Timestamp                = {2011-08-19T12:45:25.000+0200},
  Url                      = {http://www.w3.org/2005/Incubator/webid/spec/}
}

@InProceedings{tramp-s-2011--a,
  Title                    = {Weaving a {D}istributed, {S}emantic {S}ocial {N}etwork for {M}obile {U}sers},
  Author                   = {Tramp, Sebastian and Frischmuth, Philipp and Arndt, Natanael and Ermilov, Timofey and Auer, S{\"o}ren},
  Booktitle                = {Proceedings of the ESWC2011},
  Year                     = {2011},
  Pages                    = {1–16},

  Added-at                 = {2013-04-19T13:25:49.000+0200},
  Bdsk-url-1               = {http://svn.aksw.org/papers/2011/ESWC_MobileSocialSemanticWeb/public.pdf},
  Biburl                   = {http://www.bibsonomy.org/bibtex/2d75ff571021495cf491f468f643a4597/aksw},
  Interhash                = {879a815de408253f645eaca0d655a540},
  Intrahash                = {d75ff571021495cf491f468f643a4597},
  Keywords                 = {2011 auer ermilov event_eswc frischmuth group_aksw lod2page peer-reviewed seebiproject_FederatedSocialWeb seebiproject_MSSW seebiproject_SemanticPingback sys:relevantFor:bis sys:relevantFor:infai sys:relevantFor:lod2 tramp},
  Owner                    = {seebi},
  Timestamp                = {2013-04-19T13:25:49.000+0200},
  Url                      = {http://svn.aksw.org/papers/2011/ESWC_MobileSocialSemanticWeb/public.pdf}
}

@InProceedings{tramp-s-2010--b,
  Title                    = {{W}eaving a {S}ocial {D}ata {W}eb with {S}emantic {P}ingback},
  Author                   = {Tramp, Sebastian and Frischmuth, Philipp and Ermilov, Timofey and Auer, S{\"o}ren},
  Booktitle                = {Proceedings of the EKAW 2010 - Knowledge Engineering and Knowledge Management by the Masses; 11th October-15th October 2010 - Lisbon, Portugal},
  Year                     = {2010},

  Address                  = {Berlin/Heidelberg},
  Editor                   = {Cimiano, P. and Pinto, H.S.},
  Month                    = {October},
  Pages                    = {135--149},
  Publisher                = {Springer},
  Series                   = {Lecture Notes in Artificial Intelligence (LNAI)},
  Volume                   = {6317},

  Added-at                 = {2013-03-09T15:55:56.000+0100},
  Bdsk-url-1               = {http://svn.aksw.org/papers/2010/EKAW_SemanticPingback/public.pdf},
  Bdsk-url-2               = {http://dx.doi.org/10.1007/978-3-642-16438-5_10},
  Biburl                   = {http://www.bibsonomy.org/bibtex/24e71ff37e4554a649681d81b4d8312a4/aksw},
  Doi                      = {doi:10.1007/978-3-642-16438-5_10},
  Interhash                = {c2e23e5a78627b560bb3103ecd52a410},
  Intrahash                = {4e71ff37e4554a649681d81b4d8312a4},
  Keywords                 = {2010 auer ermilov event_ekaw frischmuth group_aksw lod2page ontowiki ontowiki_eu peer-reviewed seebiproject_FederatedSocialWeb seebiproject_SemanticPingback sys:relevantFor:bis sys:relevantFor:infai sys:relevantFor:lod2 tramp},
  Owner                    = {seebi},
  Timestamp                = {2013-03-09T15:55:56.000+0100},
  Url                      = {http://svn.aksw.org/papers/2010/EKAW_SemanticPingback/public.pdf}
}

@Article{tramp-s-2012--a,
  Title                    = {An {A}rchitecture of a {D}istributed {S}emantic {S}ocial {N}etwork},
  Author                   = {Tramp, Sebastian and Frischmuth, Philipp and Ermilov, Timofey and Shekarpour, Saeedeh and Auer, S{\"o}ren},
  Journal                  = {Semantic Web Journal},
  Year                     = {2012},
  Pages                    = {1-16},
  Volume                   = {Special Issue on The Personal and Social Semantic Web},

  Abstract                 = {Online social networking has become one of the most popular services on the Web. However, current social networks are like walled gardens in which users do not have full control over their data, are bound to specific usage terms of the social network operator and suffer from a lock-in effect due to the lack of interoperability and standards compliance between social networks. In this paper we propose an architecture for an open, distributed social network, which is built solely on Semantic Web standards and emerging best practices. Our architecture combines vocabularies and protocols such as WebID, FOAF, Semantic Pingback and PubSubHubbub into a coherent distributed semantic social network, which is capable to provide all crucial functionalities known from centralized social networks. We present our reference implementation, which utilizes the OntoWiki application framework and take this framework as the basis for an extensive evaluation. Our results show that a distributed social network is feasible, while it also avoids the limitations of centralized solutions.},
  Added-at                 = {2013-03-09T15:55:56.000+0100},
  Bdsk-url-1               = {http://www.semantic-web-journal.net/sites/default/files/swj201_4.pdf},
  Biburl                   = {http://www.bibsonomy.org/bibtex/268e7d3d6537c7520794fcaa5bd80463f/aksw},
  Interhash                = {a5b8616e8e69e58805b4fc77a867863a},
  Intrahash                = {68e7d3d6537c7520794fcaa5bd80463f},
  Keywords                 = {2011 auer ermilov frischmuth group_aksw lod2page peer-reviewed seebiproject_FederatedSocialWeb seebiproject_MSSW seebiproject_SemanticPingback shekarpour sys:relevantFor:bis sys:relevantFor:infai sys:relevantFor:lod2 tramp},
  Owner                    = {seebi},
  Timestamp                = {2013-03-09T15:55:56.000+0100},
  Url                      = {http://www.semantic-web-journal.net/sites/default/files/swj201_4.pdf}
}

@InProceedings{tramp-s-2010-ekaw-demo,
  Title                    = {Onto{W}iki – a {S}emantic {D}ata {W}iki {E}nabling the {C}ollaborative {C}reation and ({L}inked {D}ata) {P}ublication of {RDF} {K}nowledge {B}ases},
  Author                   = {Tramp, Sebastian and Frischmuth, Philipp and Heino, Norman},
  Booktitle                = {Demo Proceedings of the EKAW 2010},
  Year                     = {2010},
  Editor                   = {Corcho, Oscar and Voelker, Johanna},
  Month                    = {October},

  Added-at                 = {2013-06-01T15:01:09.000+0200},
  Bdsk-url-1               = {http://svn.aksw.org/papers//2010/EKAW_Demo_OntoWiki/public.pdf},
  Biburl                   = {http://www.bibsonomy.org/bibtex/29c238253e33f6a1382df2aea6ce46464/aksw},
  Interhash                = {765435290e9f2377c139baae485ab69e},
  Intrahash                = {9c238253e33f6a1382df2aea6ce46464},
  Keywords                 = {2010 event_ekaw frischmuth group_aksw heino lod2page ontowiki ontowiki_eu peer-reviewed seebiproject_OntoWiki sys:relevantFor:bis sys:relevantFor:infai sys:relevantFor:lod2 tramp},
  Owner                    = {seebi},
  Timestamp                = {2013-06-01T15:01:09.000+0200},
  Url                      = {http://svn.aksw.org/papers//2010/EKAW_Demo_OntoWiki/public.pdf}
}

@InProceedings{tramp-s-2012--b,
  Title                    = {Extending the {W}eb{ID} {P}rotocol with {A}ccess {D}elegation},
  Author                   = {Tramp, Sebastian and Story, Henry and Sambra, Andrei and Frischmuth, Philipp and Martin, Michael and Auer, S{\"o}ren},
  Booktitle                = {Proceedings of the Third International Workshop on Consuming Linked Data (COLD2012)},
  Year                     = {2012},
  Editor                   = {Harth, Andreas and Hartig, Olaf and Sequeda, Juan},
  Publisher                = {CEUR-WS.org},
  Series                   = {CEUR Workshop Proceedings},

  Added-at                 = {2013-04-28T09:00:36.000+0200},
  Biburl                   = {http://www.bibsonomy.org/bibtex/2790f604d3ad785472ac0adc85edec4fd/aksw},
  Interhash                = {b7dc549926b097d84ea08c8865172a95},
  Intrahash                = {790f604d3ad785472ac0adc85edec4fd},
  Keywords                 = {2012 auer frischmuth group_aksw lod2page martin sys:relevantFor:bis sys:relevantFor:infai sys:relevantFor:lod2 tramp},
  Owner                    = {seebi},
  Timestamp                = {2013-04-28T09:00:36.000+0200}
}

@TechReport{SPARQL,
  Title                    = {{SPARQL} 1.1 {O}verview},
  Author                   = {The-W3C-SPARQL-Working-Group},
  Institution              = W3C,
  Year                     = {2013},
  Month                    = mar,
  Note                     = {\url{http://www.w3.org/TR/sparql11-overview/}},
  Type                     = W3C-REC,

  Owner                    = {natanael},
  Timestamp                = {2010.06.23},
  Url                      = {http://www.w3.org/TR/sparql11-overview/}
}

@InProceedings{yeung-c-2009-decentralization,
  Title                    = {{D}ecentralization: {T}he future of online social networking},
  Author                   = {Ching-Man Au Yeung and Ilaria Liccardi and Kanghao Lu and Oshani Seneviratne and Tim Berners-Lee},
  Booktitle                = {In W3C Workshop on the Future of Social Networking Position Papers},
  Year                     = {2009},
  Note                     = {\url{http://dig.csail.mit.edu/2008/Papers/MSNWS/}},

  Citeseerurl              = {http://citeseerx.ist.psu.edu/viewdoc/summary?doi=10.1.1.190.1487},
  Doi                      = {10.1.1.190.1487},
  Url                      = {http://dig.csail.mit.edu/2008/Papers/MSNWS/}
}

@InProceedings{zhao-d-2009--,
  Title                    = {How and Why People Twitter: The Role That Micro-blogging Plays in Informal Communication at Work},
  Author                   = {Zhao, Dejin and Rosson, Mary Beth},
  Booktitle                = {Proceedings of the ACM 2009 International Conference on Supporting Group Work},
  Year                     = {2009},

  Address                  = {New York, NY, USA},
  Pages                    = {243--252},
  Publisher                = {ACM},
  Series                   = {GROUP '09},

  Acmid                    = {1531710},
  Doi                      = {10.1145/1531674.1531710},
  ISBN                     = {978-1-60558-500-0},
  Keywords                 = {Twitter, informal communication, micro-blog},
  Location                 = {Sanibel Island, Florida, USA},
  Numpages                 = {10},
  Url                      = {http://doi.acm.org/10.1145/1531674.1531710}
}

@comment{jabref-meta: selector_publisher:}

@comment{jabref-meta: selector_author:}

@comment{jabref-meta: selector_journal:}

@comment{jabref-meta: selector_keywords:}

